

% Strings


% Preamble


% BibTeX Entries
%本系
@book{a,
author               = {越後富夫，岩井儀雄，森島繁生，鷲見和彦，井岡幹博，八木康史},
publisher            = {オーム社},
title                = {人画像処理},
year                 = {2007},
}


%本系
@book{manzainyumon,
author               = {元祖爆笑王},
publisher            = {RittorMusic},
title                = {漫才入門 ウケる笑いの作り方、ぜんぶ教えます},
year                 = {2008},
}
@book{odabook,
 author               = {織田,正吉},
 publisher            = {筑摩書房},
 title                = {笑いとユーモア},
 year                 = {1986},
 }
 @book{asaikikaku,
 author               = {浅井企画放送作家セミナー},
 publisher            = {講談社},
 title                = {笑いの技術},
 year                 = {2006},
 }
 @book{shinkaron,
 author               = {井山弘幸},
 publisher            = {青弓社},
 title                = {お笑い進化論},
 year                 = {2005},
 }
 
%従来研究系
@article{kanseiRef,
 author               = {堀田,裕弘 and 室岡,尚樹 and 本田,和博 and 村井,忠邦},
 journal              = {日本感性工学会論文誌},
 title                = {感性語を検索キーとした景観画像の画像検索システム},
 volume               = {8},
 number               = {3},
 pages                = {509-516},
 year                 = {2009},
 }

@article{imgexple,
 author               = {牛久,祥考 and 原田,達也 and 國吉,康夫},
 journal              = {画像の認識・理解シンポジウム},
 title                = {画像・文章間の類似度学習による画像説明文の自動生成},
%  volume               = {8},
%  number               = {3},
%  pages                = {509-516},
 year                 = {2011},
 } 

@article{wordEye,
author="Bob,Coyne and Richard,Sproat",
title="WordsEye:An Automatic Text-to-Scene Conversion System",
journal="SIGGRAPH",
ISSN="",
publisher="",
year="2001",
volume="28",
number="2",
pages="487-496",
URL="http://dl.acm.org/citation.cfm?id=383316",
DOI="",
}
@article{haiku,
author="湊,匡平 and 尾内,理記夫",
title="俳句に適合する画像を合成するシステムの開発",
journal="映像情報メディア学会技術報告",
ISSN="09196072",
publisher="社団法人情報情報メディア学会",
year="2009-10-26",
volume="",
number="2",
pages="43-46",
URL="http://ci.nii.ac.jp/naid/110007484246",
DOI="",
}

@misc{Siri,
title="Apple:あなたの声を使ってSiriにもっと色々頼みましょう",
howpublished="¥url{http://www.apple.com/jp/ios/siri/}",
}

@article{okadaJP,
author="武藤,裕子 and 西山,晴彦 and 大久保,達真 and 松下,温",
title="人間の感性に対する構図・色彩の影響を考慮した風景画像の作成",
journal="情報処理学会研究報告.人文科学とコンピュータ研究会報告",
ISSN="",
publisher="人工知能学会",
year="1997-05-23",
volume="97",
number="",
pages="37-42",
URL="http://ci.nii.ac.jp/naid/110002929841",
DOI="",
}
 
 @article{3D,
author="橋本,興次郎 and 萩原,将文",
title="カスタマイズと学習が可能な三次元仮想空間作成システム",
journal="日本感性工学会大会",
ISSN="",
%publisher="人工知能学会",
year="2008-09",
volume="10",
number="",
%pages="17-22",
URL="http://ci.nii.ac.jp/naid/40017348557/",
DOI="",
}
 
 @misc{oldstory,
 author               = {IROUSE},
 howpublished         = {¥url{http://www.geocities.jp/net_t3/color/index.html}},
 title                = {IROUSE - 色彩とイメージの情報サイト},
 }
 
@misc{Google,
author="Google日本",
title="大規模日本語n-gramデータの公開",
howpublished="¥url{http://googlejapan.blogspot.com/2007/11/n-gram.html}",
}

@misc{mecab,
author="京都大学情報学研究科 日本電信電話株式会社コミュニケーション科学基礎研究所共同研究ユニットプロジェクト",
title="MeCab: Yet Another Part-of-Speech and Morphological Analyzer",
howpublished="¥url{http://mecab.sourceforge.net/}",
}
@misc{cabocha,
title="CaboCha/南瓜: Yet Another Japanese Dependency Structure Analyzer",
howpublished="¥url{http://chasen.org/‾taku/software/cabocha/}",
}
