%String

%Preamble

%BibTex Entries

@article{mecab,
author               = {工藤, 択 and 山本, 薫 and 松本, 裕治},
journal              = {日本感性工学会論文誌},
title                = {感性語を検索キーとした景観画像の画像検索システム},
volume               = {8},
number               = {3},
pages                = {509-516},
year                 = {2009},
}
