

% Strings


% Preamble


% BibTeX Entries

@misc{fujitsu,
  author={FUJITSU JOURNAL},
  title={人工知能の能力が人間を超えた!? 世界初、中国語の手書き文字認識率で96.7\%を達成},
  howpublished={\url{http://journal.jp.fujitsu.com/2015/10/02/01/}},
}

@article{neuralstyle,
  title={A Neural Algorithm of Artistic Style},
  author={Leon A. Gatys and Alexander S. Ecker and Matthias Bethge},
  journal={arxiv},
  volume={},
  number={},
  pages={},
  year={2015},
}

@article{fromcaption,
  title={Generative Adversarial Text to Image Synthesis},
  author={Scott Reed and Zeynep Akata and Xinchen Yan and Lajanugen Logeswaran and Bernt Schiele and Honglak Lee},
  journal={ICML},
  volume={},
  number={},
  pages={},
  year={2016},
}

@article{attr2image,
  title={Attribute2Image: Conditional Image Generation from Visual Attributes},
  author={Xinchen Yan and Jimei Yang and Kihyuk Sohn and Honglak Lee},
  journal={ECCV},
  volume={},
  number={},
  pages={},
  year={2016},
}

@article{dfi,
  title={Deep Feature Interpolation for Image Content Changes},
  author={Paul Upchurch and Jacob Gardner and Kavita Bala and Robert Pless and Noah Snavely and Kilian Weinberger},
  journal={arxiv},
  volume={},
  number={},
  pages={},
  year={2016},
}

%@article{vgg,
%  title={Deep Feature Interpolation for Image Content Changes},
%  author={Paul Upchurch and Jacob Gardner and Kavita Bala and Robert Pless and Noah Snavely and Kilian Weinberger},
%  journal={arxiv},
%  volume={},
%  number={},
%  pages={},
%  year={2016},
%}
